@book{PDFExplained,
 author = {Whitington, J.},
 title = {PDF Explained, Chapter 3. File Structure},
 year = {2011},
 isbn = {9781449310028},
 publisher = {O'Reilly Media, Inc.},
 address = {Sebastopol, Kalifornie, USA},
} 

@online{Graphics2D,
 author = {},
 key = {Java SE Documentation - Graphics},
 title = {Class Graphics2D},
 publisher = {Oracle},
 year = {2016},
 cited = {2019/03/15},
 note = {Java {SE} Documentation},
 url = {https://docs.oracle.com/javase/7/docs/api/java/awt/Graphics2D.html}
}

@online{PDFTechTerms,
author = {Christenssion, P.},
title = {PDF Definition},
publisher = {TechTerms. Sharpened Productions},
year = {2018},
 cited = {2019/03/15},
note = {The Tech Terms Dictionary},
url = {https://techterms.com/definition/pdf}
}

@online{PDFWhatIs,
author = {Rouse, M.},
title = {Portable Document Format (PDF)},
publisher = {TechTarget},
year = {2010},
 cited = {2019/03/16},
url = {https://whatis.techtarget.com/definition/Portable-Document-Format-PDF}
}

@online{PDFPrepressure,
title = {Compression in PDF files},
publisher = {Prepressure},
year = {2017},
 cited = {2019/03/16},
url = {https://www.prepressure.com/pdf/basics/compression}
}

@online{PDFInfoSec,
author = {Lukan, D.},
title = {PDF File Format: Basic Structure},
publisher = {InfoSec},
year = {2018},
 cited = {2019/03/16},
url = {https://resources.infosecinstitute.com/pdf-file-format-basic-structure}
}

@online{PDFAdobe,
author = {King, J.C.},
title = {Introduction to the Insides of PDF},
publisher = {Adobe},
year = {2005},
 cited = {2019/03/17},
url = {https://www.adobe.com/technology/pdfs/presentations/KingPDFTutorial.pdf}
}

@online{PDFForm,
 title = {PDF formuláře: obecný úvod},
 year = {2002},
 cited = {2019/03/19},
 url = {http://www.grafika.cz/rubriky/pdf---adobe-acrobat/pdf-formulare-obecny-uvod-130460cz}
}

@online{PDFFormElements,
 title = {PDF formuláře: Popis formulářových prvků},
 year = {2002},
 cited = {2019/03/19},
 url = {http://www.grafika.cz/rubriky/pdf---adobe-acrobat/pdf-formulare-popis-formularovych-prvku-130502cz}
}

@online{pdfToHtml,
author = {Nikolaev, A.N.},
 title = {PHP PDF to HTML: Convert PDF to HTML using Poppler},
 year = {2018},
 cited = {2019/03/21},
 url = {https://www.phpclasses.org/package/9423-PHP-Convert-PDF-to-HTML-using-Poppler.html}
}

@online{phppdftk,
 title = {PHP PDFTK},
 year = {2017},
 cited = {2019/03/21},
 url = {https://www.drupal.org/project/phppdftk}
}